<?xml version="1.0" encoding="UTF-8"?>
  <record xmlns="http://www.loc.gov/MARC21/slim" type="Authority">
    <leader>00000nz  a2200000nc 4500</leader>
    <controlfield tag="001">132268825</controlfield>
    <controlfield tag="003">DE-101</controlfield>
    <controlfield tag="005">20220309170820.0</controlfield>
    <controlfield tag="008">061108n||azznnaabn           | aaa    |c</controlfield>
    <datafield tag="024" ind1="7" ind2=" ">
      <subfield code="a">132268825</subfield>
      <subfield code="0">http://d-nb.info/gnd/132268825</subfield>
      <subfield code="2">gnd</subfield>
    </datafield>
    <datafield tag="035" ind1=" " ind2=" ">
      <subfield code="a">(DE-101)132268825</subfield>
    </datafield>
    <datafield tag="035" ind1=" " ind2=" ">
      <subfield code="a">(DE-588)132268825</subfield>
    </datafield>
    <datafield tag="035" ind1=" " ind2=" ">
      <subfield code="z">(DE-588)1089720777</subfield>
    </datafield>
    <datafield tag="035" ind1=" " ind2=" ">
      <subfield code="z">(DE-588a)132268825</subfield>
      <subfield code="9">v:zg</subfield>
    </datafield>
    <datafield tag="035" ind1=" " ind2=" ">
      <subfield code="z">(DE-588a)100194087</subfield>
    </datafield>
    <datafield tag="040" ind1=" " ind2=" ">
      <subfield code="a">DE-355</subfield>
      <subfield code="c">DE-355</subfield>
      <subfield code="9">r:DE-355</subfield>
      <subfield code="b">ger</subfield>
      <subfield code="d">9999</subfield>
    </datafield>
    <datafield tag="042" ind1=" " ind2=" ">
      <subfield code="a">gnd1</subfield>
    </datafield>
    <datafield tag="043" ind1=" " ind2=" ">
      <subfield code="c">XA-FR</subfield>
    </datafield>
    <datafield tag="065" ind1=" " ind2=" ">
      <subfield code="a">7.15p</subfield>
      <subfield code="2">sswd</subfield>
    </datafield>
    <datafield tag="065" ind1=" " ind2=" ">
      <subfield code="a">3.6p</subfield>
      <subfield code="2">sswd</subfield>
    </datafield>
    <datafield tag="075" ind1=" " ind2=" ">
      <subfield code="b">p</subfield>
      <subfield code="2">gndgen</subfield>
    </datafield>
    <datafield tag="075" ind1=" " ind2=" ">
      <subfield code="b">piz</subfield>
      <subfield code="2">gndspec</subfield>
    </datafield>
    <datafield tag="079" ind1=" " ind2=" ">
      <subfield code="a">g</subfield>
      <subfield code="q">a</subfield>
      <subfield code="q">f</subfield>
      <subfield code="q">s</subfield>
      <subfield code="u">v</subfield>
      <subfield code="u">o</subfield>
    </datafield>
    <datafield tag="100" ind1="1" ind2=" ">
      <subfield code="a">Bernières-Louvigny, Jean &#152;de&#156;</subfield>
      <subfield code="d">1602-1659</subfield>
    </datafield>
    <datafield tag="375" ind1=" " ind2=" ">
      <subfield code="a">1</subfield>
      <subfield code="2">iso5218</subfield>
    </datafield>
    <datafield tag="400" ind1="1" ind2=" ">
      <subfield code="a">Bernières, Jean &#152;de&#156;</subfield>
      <subfield code="d">1602-1659</subfield>
    </datafield>
    <datafield tag="400" ind1="1" ind2=" ">
      <subfield code="a">Louvigny, Jean de Bernières-</subfield>
      <subfield code="d">1602-1659</subfield>
    </datafield>
    <datafield tag="400" ind1="1" ind2=" ">
      <subfield code="a">Bernieres-Louvigni, Johann &#152;von&#156;</subfield>
      <subfield code="d">1602-1659</subfield>
    </datafield>
    <datafield tag="400" ind1="1" ind2=" ">
      <subfield code="a">Bernieres Louvigni, Johann &#152;von&#156;</subfield>
      <subfield code="d">1602-1659</subfield>
    </datafield>
    <datafield tag="400" ind1="1" ind2=" ">
      <subfield code="a">Louvigni, Johann von Bernieres-</subfield>
      <subfield code="d">1602-1659</subfield>
    </datafield>
    <datafield tag="400" ind1="1" ind2=" ">
      <subfield code="a">Louvigny, ...</subfield>
      <subfield code="d">1602-1659</subfield>
    </datafield>
    <datafield tag="400" ind1="1" ind2=" ">
      <subfield code="a">Bernières Louvigni, Jean &#152;de&#156;</subfield>
      <subfield code="d">1602-1659</subfield>
    </datafield>
    <datafield tag="400" ind1="1" ind2=" ">
      <subfield code="a">Bernieres Louvignius, Johannes &#152;von&#156;</subfield>
      <subfield code="d">1602-1659</subfield>
    </datafield>
    <datafield tag="400" ind1="1" ind2=" ">
      <subfield code="a">Louvigni, Jean de B.</subfield>
      <subfield code="d">1602-1659</subfield>
    </datafield>
    <datafield tag="400" ind1="1" ind2=" ">
      <subfield code="a">Bernières-Louvigni, Jean &#152;de&#156;</subfield>
      <subfield code="d">1602-1659</subfield>
    </datafield>
    <datafield tag="400" ind1="1" ind2=" ">
      <subfield code="a">Louvigny, Jean de B.</subfield>
      <subfield code="d">1602-1659</subfield>
    </datafield>
    <datafield tag="400" ind1="1" ind2=" ">
      <subfield code="a">Bernieres Louvigni, Johann &#152;v.&#156;</subfield>
      <subfield code="d">1602-1659</subfield>
    </datafield>
    <datafield tag="400" ind1="1" ind2=" ">
      <subfield code="a">Bernieres-Louvigny, Johann &#152;von&#156;</subfield>
      <subfield code="d">1602-1659</subfield>
    </datafield>
    <datafield tag="548" ind1=" " ind2=" ">
      <subfield code="a">1602-1659</subfield>
      <subfield code="4">datl</subfield>
      <subfield code="4">https://d-nb.info/standards/elementset/gnd#dateOfBirthAndDeath</subfield>
      <subfield code="w">r</subfield>
      <subfield code="i">Lebensdaten</subfield>
    </datafield>
    <datafield tag="550" ind1=" " ind2=" ">
      <subfield code="0">(DE-101)041362357</subfield>
      <subfield code="0">(DE-588)4136235-4</subfield>
      <subfield code="0">https://d-nb.info/gnd/4136235-4</subfield>
      <subfield code="a">Mystiker</subfield>
      <subfield code="4">berc</subfield>
      <subfield code="4">https://d-nb.info/standards/elementset/gnd#professionOrOccupation</subfield>
      <subfield code="w">r</subfield>
      <subfield code="i">Charakteristischer Beruf</subfield>
    </datafield>
    <datafield tag="550" ind1=" " ind2=" ">
      <subfield code="0">(DE-101)041629876</subfield>
      <subfield code="0">(DE-588)4162987-5</subfield>
      <subfield code="0">https://d-nb.info/gnd/4162987-5</subfield>
      <subfield code="a">Kämmerer</subfield>
      <subfield code="4">beru</subfield>
      <subfield code="4">https://d-nb.info/standards/elementset/gnd#professionOrOccupation</subfield>
      <subfield code="w">r</subfield>
      <subfield code="i">Beruf</subfield>
    </datafield>
    <datafield tag="667" ind1=" " ind2=" ">
      <subfield code="a">12</subfield>
    </datafield>
    <datafield tag="667" ind1=" " ind2=" ">
      <subfield code="a">VD-18</subfield>
    </datafield>
    <datafield tag="670" ind1=" " ind2=" ">
      <subfield code="a">LCAuth; Bautz</subfield>
    </datafield>
    <datafield tag="672" ind1=" " ind2="0">
      <subfield code="a">Bernières-Louvigny, Jean de: Le chrestien interieur</subfield>
      <subfield code="f">1662</subfield>
    </datafield>
    <datafield tag="672" ind1=" " ind2="0">
      <subfield code="a">Bernières-Louvigny, Jean de: Le chrestien interieur</subfield>
      <subfield code="f">1671</subfield>
    </datafield>
    <datafield tag="672" ind1=" " ind2="0">
      <subfield code="a">Bernières-Louvigny, Jean de: Le chrestien interieur. - 1690 - 1696</subfield>
    </datafield>
    <datafield tag="672" ind1=" " ind2="0">
      <subfield code="a">Bernières-Louvigny, Jean de: Innerlicher Christ</subfield>
      <subfield code="f">1688</subfield>
    </datafield>
    <datafield tag="672" ind1=" " ind2="0">
      <subfield code="a">Bernières-Louvigny, Jean de: Das verborgene Leben mit Christo in Gott</subfield>
      <subfield code="f">1737</subfield>
    </datafield>
    <datafield tag="672" ind1=" " ind2="0">
      <subfield code="a">Bernières-Louvigny, Jean de: Il Christiano interiore ...</subfield>
      <subfield code="f">1681</subfield>
    </datafield>
    <datafield tag="672" ind1=" " ind2="0">
      <subfield code="a">Bernières-Louvigny, Jean de: The interiour Christian</subfield>
      <subfield code="f">1684</subfield>
    </datafield>
    <datafield tag="672" ind1=" " ind2="0">
      <subfield code="a">Bernières-Louvigny, Jean de: Innerlicher Christ</subfield>
      <subfield code="f">1740</subfield>
    </datafield>
    <datafield tag="672" ind1=" " ind2="0">
      <subfield code="a">Bernières-Louvigny, Jean de: Das verborgene Leben mit Christo in Gott</subfield>
      <subfield code="f">1835</subfield>
    </datafield>
    <datafield tag="672" ind1=" " ind2="0">
      <subfield code="a">Bernières-Louvigny, Jean de: Der innere Christ</subfield>
      <subfield code="f">1837</subfield>
    </datafield>
    <datafield tag="678" ind1=" " ind2=" ">
      <subfield code="b">Franz. Mystiker</subfield>
    </datafield>
    <datafield tag="700" ind1="1" ind2="4">
      <subfield code="a">Bernières Louvigny, Jean &#152;de&#156;</subfield>
      <subfield code="d">1602-1659</subfield>
    </datafield>
    <datafield tag="913" ind1=" " ind2=" ">
      <subfield code="S">pnd</subfield>
      <subfield code="i">a</subfield>
      <subfield code="a">Bernières-Louvigny, Jean /de</subfield>
      <subfield code="0">(DE-588a)132268825</subfield>
    </datafield>
  </record>
